<?xml version="1.0" encoding="UTF-8" standalone="no"?>
<?xml-stylesheet type='text/xsl' href='/webservices/catalog/xsl/searchRetrieveResponse.xsl'?>

<searchRetrieveResponse xmlns="http://www.loc.gov/zing/srw/" xmlns:oclcterms="http://purl.org/oclc/terms/" xmlns:dc="http://purl.org/dc/elements/1.1/" xmlns:diag="http://www.loc.gov/zing/srw/diagnostic/" xmlns:xsi="http://www.w3.org/2001/XMLSchema-instance">
<version>1.1</version>
<numberOfRecords>8</numberOfRecords>
<records>
<record>
<recordSchema>marcxml</recordSchema>
<recordPacking>xml</recordPacking>
<recordData>
<record xmlns="http://www.loc.gov/MARC21/slim">
    <leader>00000cam a2200000Ki 4500</leader>
    <controlfield tag="001">884725738</controlfield>
    <controlfield tag="008">140728s2014    mdu     ob    001 0 eng d</controlfield>
    <datafield ind1=" " ind2=" " tag="020">
      <subfield code="a">9781442237377</subfield>
      <subfield code="q">(electronic bk.)</subfield>
    </datafield>
    <datafield ind1=" " ind2=" " tag="020">
      <subfield code="a">1442237376</subfield>
      <subfield code="q">(electronic bk.)</subfield>
    </datafield>
    <datafield ind1=" " ind2=" " tag="020">
      <subfield code="z">9781442237360</subfield>
    </datafield>
    <datafield ind1=" " ind2=" " tag="020">
      <subfield code="z">1442237368</subfield>
    </datafield>
    <datafield ind1="0" ind2="0" tag="245">
      <subfield code="a">Nobody expects the Spanish Inquisition :</subfield>
      <subfield code="b">cultural contexts in Monty Python /</subfield>
      <subfield code="c">edited by Tomasz Dobrogoszcz ; foreword by Terry Jones.</subfield>
    </datafield>
    <datafield ind1=" " ind2="1" tag="264">
      <subfield code="a">Lanham :</subfield>
      <subfield code="b">Rowman &amp; Littlefield,</subfield>
      <subfield code="c">[2014]</subfield>
    </datafield>
    <datafield ind1=" " ind2=" " tag="300">
      <subfield code="a">1 online resource</subfield>
    </datafield>
    <datafield ind1="0" ind2=" " tag="505">
      <subfield code="a">Title Page -- Acknowledgments -- Foreword -- Monty Python's Body and Death -- "It's a Mr. Death or Something. He Has Come about the Reaping. I Don't Think We Need Any at the Moment" -- The Body, Desire, and the Abject -- The Representation of the Woman's Body in Monty Python's The Meaning of Life -- Monty Python, the Fool -- Monty Python and the Flying Feast of Fools -- "How Fortunate We Are Indeed to Have Such a Poet on These Shores" -- The Village Idiot and His Relation to the Unconscious -- Monty Python Goes Abroad -- The British Look Abroad: Monty Python and the Foreign -- Twentieth-Century Vole, Mr. Neutron, and Spam -- Monty Python's Fliegender Zirkus -- Pythonian Aesthetics and Beyond -- Eric Idle and the Counterculture -- Kitsch Britannia in Monty Python's Flying Circus -- Index -- About the Editor and Contributors.</subfield>
    </datafield>
    <datafield ind1=" " ind2=" " tag="520">
      <subfield code="a">This short collection of essays looks at the television show and films produced by the Monty Python troupe from a number of perspectives: Gender studies Post-structuralism Psychoanalysis Cultural studies.</subfield>
    </datafield>
    <datafield ind1="2" ind2="0" tag="610">
      <subfield code="a">Monty Python (Comedy troupe)</subfield>
    </datafield>
    <datafield ind1="2" ind2="7" tag="610">
      <subfield code="a">Monty Python (Comedy troupe)</subfield>
      <subfield code="2">fast</subfield>
      <subfield code="0">(OCoLC)fst00530439</subfield>
    </datafield>
    <datafield ind1=" " ind2="7" tag="650">
      <subfield code="a">PERFORMING ARTS</subfield>
      <subfield code="x">Reference.</subfield>
      <subfield code="2">bisacsh</subfield>
    </datafield>
    <datafield ind1=" " ind2="4" tag="655">
      <subfield code="a">Electronic books.</subfield>
    </datafield>
    <datafield ind1="1" ind2=" " tag="700">
      <subfield code="a">Dobrogoszcz, Tomasz,</subfield>
      <subfield code="d">1970-</subfield>
      <subfield code="e">editor.</subfield>
    </datafield>
    <datafield ind1="4" ind2="0" tag="856">
      <subfield code="3">Ebook Library</subfield>
      <subfield code="u">http://public.eblib.com/choice/publicfullrecord.aspx?p=1752874</subfield>
    </datafield>
    <datafield ind1="4" ind2="0" tag="856">
      <subfield code="3">Ebook Library</subfield>
      <subfield code="u">http://public.eblib.com/choice/publicfullrecord.aspx?p=1752874_0</subfield>
    </datafield>
    <datafield ind1="4" ind2="0" tag="856">
      <subfield code="3">ebrary</subfield>
      <subfield code="u">http://site.ebrary.com/id/10899146</subfield>
    </datafield>
    <datafield ind1="4" ind2="0" tag="856">
      <subfield code="3">EBSCOhost</subfield>
      <subfield code="u">http://search.ebscohost.com/login.aspx?direct=true&amp;scope=site&amp;db=nlebk&amp;db=nlabk&amp;AN=817399</subfield>
    </datafield>
    <datafield ind1="4" ind2="0" tag="856">
      <subfield code="3">MyiLibrary</subfield>
      <subfield code="u">http://www.myilibrary.com?id=630715</subfield>
    </datafield>
    <datafield ind1="4" ind2="0" tag="856">
      <subfield code="3">OverDrive</subfield>
      <subfield code="u">https://www.overdrive.com/search?q=64D87E6A-8AFD-48C5-8B0E-C4F36B22F6A9</subfield>
    </datafield>
    <datafield ind1="4" ind2="0" tag="856">
      <subfield code="3">ProQuest Ebook Central</subfield>
      <subfield code="u">http://public.ebookcentral.proquest.com/choice/publicfullrecord.aspx?p=1752874</subfield>
    </datafield>
    <datafield ind1="4" ind2=" " tag="856">
      <subfield code="3">Excerpt</subfield>
      <subfield code="u">https://samples.overdrive.com/nobody-expects-the?.epub-sample.overdrive.com</subfield>
    </datafield>
    <datafield ind1="4" ind2=" " tag="856">
      <subfield code="3">Image</subfield>
      <subfield code="u">http://images.contentreserve.com/ImageType-100/1873-1/{64D87E6A-8AFD-48C5-8B0E-C4F36B22F6A9}Img100.jpg</subfield>
    </datafield>
    <datafield ind1="4" ind2="0" tag="856">
      <subfield code="z">VIEW FULL TEXT</subfield>
      <subfield code="u">http://VH7QX3XE2P.search.serialssolutions.com/?V=1.0&amp;L=VH7QX3XE2P&amp;S=JCs&amp;C=TC0001289429&amp;T=marc&amp;tab=BOOKS</subfield>
    </datafield>
    <datafield ind1="4" ind2="0" tag="856">
      <subfield code="u">https://login.gbcprx01.georgebrown.ca/login?url=https://ebookcentral.proquest.com/lib/georgebrown-ebooks/detail.action?docID=1752874</subfield>
      <subfield code="z">Click to view</subfield>
    </datafield>
    <datafield ind1="4" ind2="0" tag="856">
      <subfield code="u">https://ebookcentral.proquest.com/lib/liverpool/detail.action?docID=1752874</subfield>
      <subfield code="z">&lt;img src="/screens/gifs/go4.gif" alt="Go button" border="0" width="21" height="21" hspace="7" align="middle"&gt; View this e-book online</subfield>
    </datafield>
    <datafield ind1="4" ind2="0" tag="856">
      <subfield code="u">http://ra.ocls.ca/ra/login.aspx?inst=stlawrence&amp;url=https://ebookcentral.proquest.com/lib/stlawrence-ebooks/detail.action?docID=1752874</subfield>
    </datafield>
    <datafield ind1="4" ind2="0" tag="856">
      <subfield code="u">https://login.library.sheridanc.on.ca/login?url=https://ebookcentral.proquest.com/lib/sheridanc-ebooks/detail.action?docID=1752874</subfield>
      <subfield code="z">Full Text online from PROQUEST</subfield>
    </datafield>
    <datafield ind1="4" ind2="0" tag="856">
      <subfield code="u">http://ebookcentral.proquest.com/lib/utk/detail.action?docID=1752874</subfield>
      <subfield code="z">Click to View</subfield>
    </datafield>
    <datafield ind1="4" ind2="0" tag="856">
      <subfield code="u">https://ebookcentral.proquest.com/lib/uvic/detail.action?docID=1752874</subfield>
    </datafield>
    <datafield ind1="4" ind2="0" tag="856">
      <subfield code="u">https://ebookcentral.proquest.com/lib/columbia/detail.action?docID=1752874</subfield>
      <subfield code="z">Ebook Central Academic Complete</subfield>
    </datafield>
    <datafield ind1="4" ind2="0" tag="856">
      <subfield code="u">http://www.vlebooks.com/vleweb/product/openreader?id=none&amp;isbn=9781442237377</subfield>
    </datafield>
  </record>
</recordData>
</record>