
<record>
<recordSchema>marcxml</recordSchema>
<recordPacking>xml</recordPacking>
<recordData>
<record xmlns="http://www.loc.gov/MARC21/slim">
    <leader>00000cam a2200000 i 4500</leader>
    <controlfield tag="001">879602603</controlfield>
    <controlfield tag="008">140514s2014    mdu      b    001 0 eng  </controlfield>
    <datafield ind1=" " ind2=" " tag="010">
      <subfield code="a">  2014014377</subfield>
    </datafield>
    <datafield ind1=" " ind2=" " tag="020">
      <subfield code="a">9781442237360</subfield>
      <subfield code="q">(cloth ;</subfield>
      <subfield code="q">alk. paper)</subfield>
    </datafield>
    <datafield ind1=" " ind2=" " tag="020">
      <subfield code="a">1442237368</subfield>
      <subfield code="q">(cloth ;</subfield>
      <subfield code="q">alk. paper)</subfield>
    </datafield>
    <datafield ind1=" " ind2=" " tag="020">
      <subfield code="z">9781442237377</subfield>
      <subfield code="q">(ebook)</subfield>
    </datafield>
    <datafield ind1="0" ind2="0" tag="245">
      <subfield code="a">Nobody expects the Spanish Inquisition :</subfield>
      <subfield code="b">cultural contexts in Monty Python /</subfield>
      <subfield code="c">edited by Tomasz Dobrogoszcz ; foreword by Terry Jones.</subfield>
    </datafield>
    <datafield ind1=" " ind2="1" tag="264">
      <subfield code="a">Lanham :</subfield>
      <subfield code="b">Rowman &amp; Littlefield,</subfield>
      <subfield code="c">[2014]</subfield>
    </datafield>
    <datafield ind1=" " ind2=" " tag="300">
      <subfield code="a">xiii, 154 pages ;</subfield>
      <subfield code="c">24 cm</subfield>
    </datafield>
    <datafield ind1=" " ind2=" " tag="520">
      <subfield code="a">Monty Python s Flying Circus was one of the most important and influential cultural phenomena of the 1970s. The British program was followed by albums, stage appearances, and several films, including Monty Python and the Holy Grail, Life of Brian, and Monty Python's The Meaning of Life. In all, the comic troupe drew on a variety of cultural references that prominently figured in their sketches, and they tackled weighty matters that nonetheless amused their audiences. In Nobody Expects the Spanish Inquisition: Cultural Contexts in Monty Python, Tomasz Dobrogoszcz presents essays that explore the various touchstones in the television show and subsequent films.</subfield>
    </datafield>
    <datafield ind1="0" ind2="0" tag="505">
      <subfield code="a">Machine generated contents note:</subfield>
      <subfield code="g">pt. I</subfield>
      <subfield code="t">Monty Python's Body and Death --</subfield>
      <subfield code="g">1.</subfield>
      <subfield code="t">"It's a Mr. Death or Something. He Has Come about the Reaping. I Don't Think We Need Any at the Moment": Death and the Denial of Death in the Works of Monty Python /</subfield>
      <subfield code="r">Katarzyna Malecka --</subfield>
      <subfield code="g">2.</subfield>
      <subfield code="t">The Body, Desire, and the Abject: The Corpse and Cannibalism in Monty Python's Flying Circus Sketches /</subfield>
      <subfield code="r">Edyta Lorek-Jezinska --</subfield>
      <subfield code="g">3.</subfield>
      <subfield code="t">The Representation of the Woman's Body in Monty Python's The Meaning of Life /</subfield>
      <subfield code="r">Katarzyna Poloczek --</subfield>
      <subfield code="g">pt. II</subfield>
      <subfield code="t">Monty Python, the Fool --</subfield>
      <subfield code="g">4.</subfield>
      <subfield code="t">Monty Python and the Flying Feast of Fools /</subfield>
      <subfield code="r">Wojciech Klepuszewski --</subfield>
      <subfield code="g">5.</subfield>
      <subfield code="t">"How Fortunate We Are Indeed to Have Such a Poet on These Shores": Shakespeare, Monty Python, and the Tradition of the Wise Fool /</subfield>
      <subfield code="r">Miguel Angel Gonzalez Campos --</subfield>
      <subfield code="g">6.</subfield>
      <subfield code="t">The Village Idiot and His Relation to the Unconscious /</subfield>
      <subfield code="r">Tomasz Dobrogoszcz --</subfield>
      <subfield code="g">pt. III</subfield>
      <subfield code="t">Monty Python Goes Abroad --</subfield>
      <subfield code="g">7.</subfield>
      <subfield code="t">The British Look Abroad: Monty Python and the Foreign /</subfield>
      <subfield code="r">Tomasz Dobrogoszcz --</subfield>
      <subfield code="g">8.</subfield>
      <subfield code="t">Twentieth-Century Vole, Mr. Neutron, and Spam: Portrayals of American Culture in the Work of Monty Python /</subfield>
      <subfield code="r">Kevin F. Kern --</subfield>
      <subfield code="g">9.</subfield>
      <subfield code="t">Monty Python's Fliegender Zirkus: The Unique German Show /</subfield>
      <subfield code="r">Adam Sumera --</subfield>
      <subfield code="g">pt. IV</subfield>
      <subfield code="t">Pythonian Aesthetics and Beyond --</subfield>
      <subfield code="g">10.</subfield>
      <subfield code="t">Eric Idle and the Counterculture /</subfield>
      <subfield code="r">Richard Mills --</subfield>
      <subfield code="g">11.</subfield>
      <subfield code="t">Kitsch Britannia in Monty Python's Flying Circus /</subfield>
      <subfield code="r">Justyna Stepien.</subfield>
    </datafield>
    <datafield ind1="2" ind2="0" tag="610">
      <subfield code="a">Monty Python (Comedy troupe)</subfield>
    </datafield>
    <datafield ind1="2" ind2="7" tag="610">
      <subfield code="a">Monty Python (Comedy troupe)</subfield>
      <subfield code="2">fast</subfield>
      <subfield code="0">(OCoLC)fst00530439</subfield>
    </datafield>
    <datafield ind1="2" ind2="7" tag="610">
      <subfield code="a">Monty Python.</subfield>
      <subfield code="0">(DE-588)811153-4</subfield>
      <subfield code="2">gnd</subfield>
    </datafield>
    <datafield ind1=" " ind2="7" tag="650">
      <subfield code="a">Fernsehsendung.</subfield>
      <subfield code="0">(DE-588)4016842-6</subfield>
      <subfield code="2">gnd</subfield>
    </datafield>
    <datafield ind1=" " ind2="7" tag="650">
      <subfield code="a">Film.</subfield>
      <subfield code="0">(DE-588)4017102-4</subfield>
      <subfield code="2">gnd</subfield>
    </datafield>
    <datafield ind1="1" ind2=" " tag="700">
      <subfield code="a">Dobrogoszcz, Tomasz,</subfield>
      <subfield code="d">1970-</subfield>
      <subfield code="e">editor.</subfield>
    </datafield>
  </record>
</recordData>
</record>