
<record>
<recordSchema>marcxml</recordSchema>
<recordPacking>xml</recordPacking>
<recordData>
<record xmlns="http://www.loc.gov/MARC21/slim">
    <leader>00000cam a2200000Mi 4500</leader>
    <controlfield tag="001">944726687</controlfield>
    <controlfield tag="008">140728s2014    mdu     ob    001 0 eng d</controlfield>
    <datafield ind1=" " ind2=" " tag="020">
      <subfield code="a">9781442237377</subfield>
      <subfield code="q">(electronic bk.)</subfield>
    </datafield>
    <datafield ind1=" " ind2=" " tag="020">
      <subfield code="a">1442237376</subfield>
      <subfield code="q">(electronic bk.)</subfield>
    </datafield>
    <datafield ind1=" " ind2=" " tag="020">
      <subfield code="a">9781442237360</subfield>
    </datafield>
    <datafield ind1=" " ind2=" " tag="020">
      <subfield code="a">1442237368</subfield>
    </datafield>
    <datafield ind1=" " ind2=" " tag="020">
      <subfield code="a">9781306994644</subfield>
      <subfield code="q">(MyiLibrary)</subfield>
    </datafield>
    <datafield ind1=" " ind2=" " tag="020">
      <subfield code="a">1306994640</subfield>
      <subfield code="q">(MyiLibrary)</subfield>
    </datafield>
    <datafield ind1="0" ind2="0" tag="245">
      <subfield code="a">Nobody expects the Spanish Inquisition</subfield>
      <subfield code="h">[ressource électronique] :</subfield>
      <subfield code="b">cultural contexts in Monty Python /</subfield>
      <subfield code="c">edited by Tomasz Dobrogoszcz ; foreword by Terry Jones.</subfield>
    </datafield>
    <datafield ind1=" " ind2="1" tag="264">
      <subfield code="a">Lanham :</subfield>
      <subfield code="b">Rowman &amp; Littlefield,</subfield>
      <subfield code="c">[2014]</subfield>
    </datafield>
    <datafield ind1=" " ind2=" " tag="300">
      <subfield code="a">1 ressource en ligne</subfield>
    </datafield>
    <datafield ind1=" " ind2=" " tag="500">
      <subfield code="a">Titre de l'écran-titre (visionné le 9 mars 2016).</subfield>
    </datafield>
    <datafield ind1="2" ind2="6" tag="610">
      <subfield code="a">Monty Python (Troupe d'humoristes)</subfield>
    </datafield>
    <datafield ind1="2" ind2="0" tag="610">
      <subfield code="a">Monty Python (Comedy troupe) (LCSH - aucune traduction)</subfield>
    </datafield>
    <datafield ind1=" " ind2="7" tag="655">
      <subfield code="a">Livres numériques.</subfield>
      <subfield code="2">rvmgf</subfield>
    </datafield>
    <datafield ind1="1" ind2=" " tag="700">
      <subfield code="a">Dobrogoszcz, Tomasz,</subfield>
      <subfield code="d">1970-</subfield>
      <subfield code="e">éditeur intellectuel.</subfield>
    </datafield>
    <datafield ind1="1" ind2=" " tag="700">
      <subfield code="a">Jones, Terry,</subfield>
      <subfield code="e">préfacier.</subfield>
    </datafield>
    <datafield ind1="4" ind2="0" tag="856">
      <subfield code="3">MyiLibrary</subfield>
      <subfield code="u">http://www.myilibrary.com?id=630715</subfield>
    </datafield>
    <datafield ind1="4" ind2="0" tag="856">
      <subfield code="3">Disponible par Ebook Central</subfield>
      <subfield code="u">http://ezproxy.usherbrooke.ca/login?url=http://lib.myilibrary.com?id=630715</subfield>
      <subfield code="z">(Accès réservé UdeS)</subfield>
      <subfield code="z">(8 Accès)</subfield>
    </datafield>
  </record>
</recordData>
</record>