
<record>
<recordSchema>marcxml</recordSchema>
<recordPacking>xml</recordPacking>
<recordData>
<record xmlns="http://www.loc.gov/MARC21/slim">
    <leader>00000cam a2200000Mi 4500</leader>
    <controlfield tag="001">962029190</controlfield>
    <controlfield tag="008">161103t20142014mdua   f b    001 0 eng d</controlfield>
    <datafield ind1=" " ind2=" " tag="020">
      <subfield code="a">9781442237360</subfield>
      <subfield code="q">(rel)</subfield>
    </datafield>
    <datafield ind1=" " ind2=" " tag="020">
      <subfield code="a">1442237368</subfield>
      <subfield code="q">(rel)</subfield>
    </datafield>
    <datafield ind1="0" ind2="0" tag="245">
      <subfield code="a">Nobody expects the Spanish Inquisition :</subfield>
      <subfield code="b">cultural contexts in Monty Python /</subfield>
      <subfield code="c">edited by Tomasz Dobrogoszcz ; foreword by Terry Jones.</subfield>
    </datafield>
    <datafield ind1=" " ind2=" " tag="260">
      <subfield code="a">Lanham (Md.) [etc] :</subfield>
      <subfield code="b">Rowman &amp; Littlefield,</subfield>
      <subfield code="c">cop. 2014.</subfield>
    </datafield>
    <datafield ind1=" " ind2=" " tag="300">
      <subfield code="a">1 vol. (XIII-154 p.) :</subfield>
      <subfield code="b">couv. ill. en coul. ;</subfield>
      <subfield code="c">24 cm</subfield>
    </datafield>
    <datafield ind1="2" ind2="7" tag="610">
      <subfield code="a">Monty Python.</subfield>
      <subfield code="2">ram</subfield>
    </datafield>
    <datafield ind1=" " ind2="7" tag="650">
      <subfield code="a">Comédies loufoques (cinéma)</subfield>
      <subfield code="z">Grande-Bretagne</subfield>
      <subfield code="y">1960-1990</subfield>
      <subfield code="x">Histoire et critique.</subfield>
      <subfield code="2">ram</subfield>
    </datafield>
    <datafield ind1=" " ind2="7" tag="650">
      <subfield code="a">Comédies loufoques (cinéma)</subfield>
      <subfield code="z">Grande-Bretagne</subfield>
      <subfield code="y">1990- ...</subfield>
      <subfield code="x">Histoire et critique.</subfield>
      <subfield code="2">ram</subfield>
    </datafield>
    <datafield ind1=" " ind2="7" tag="650">
      <subfield code="a">Humour anglais</subfield>
      <subfield code="x">Au cinéma.</subfield>
      <subfield code="2">ram</subfield>
    </datafield>
    <datafield ind1="1" ind2=" " tag="700">
      <subfield code="a">Dobrogoszcz, Tomasz.</subfield>
      <subfield code="4">edt</subfield>
    </datafield>
    <datafield ind1="1" ind2=" " tag="700">
      <subfield code="a">Jones, Terry,</subfield>
      <subfield code="d">(1942- ...).</subfield>
      <subfield code="4">aui</subfield>
    </datafield>
  </record>
</recordData>
</record>