
<record>
<recordSchema>marcxml</recordSchema>
<recordPacking>xml</recordPacking>
<recordData>
<record xmlns="http://www.loc.gov/MARC21/slim">
    <leader>00000cam a2200000Mi 4500</leader>
    <controlfield tag="001">892626793</controlfield>
    <controlfield tag="008">140902s2014    xx       b    001 0 eng d</controlfield>
    <datafield ind1=" " ind2=" " tag="020">
      <subfield code="a">9781442237360</subfield>
    </datafield>
    <datafield ind1=" " ind2=" " tag="020">
      <subfield code="a">1442237368</subfield>
    </datafield>
    <datafield ind1=" " ind2=" " tag="020">
      <subfield code="a">9781442237377</subfield>
    </datafield>
    <datafield ind1=" " ind2=" " tag="020">
      <subfield code="a">1442237376</subfield>
    </datafield>
    <datafield ind1="0" ind2="0" tag="245">
      <subfield code="a">Nobody expects the Spanish inquisition :</subfield>
      <subfield code="b">cultural contexts in Monty Python /</subfield>
      <subfield code="c">ed. by Tomasz Dobrogoszcz.</subfield>
    </datafield>
    <datafield ind1=" " ind2=" " tag="260">
      <subfield code="a">Lanham :</subfield>
      <subfield code="b">Rowman et Littlefield,</subfield>
      <subfield code="c">2014.</subfield>
    </datafield>
    <datafield ind1=" " ind2=" " tag="300">
      <subfield code="a">XIII, 154 Seiten ;</subfield>
      <subfield code="c">24 cm</subfield>
    </datafield>
    <datafield ind1="1" ind2="4" tag="610">
      <subfield code="a">Monty Python (Comedy troupe)</subfield>
    </datafield>
    <datafield ind1="2" ind2="7" tag="610">
      <subfield code="a">Monty Python.</subfield>
      <subfield code="0">(DE-588)811153-4</subfield>
      <subfield code="2">gnd</subfield>
    </datafield>
    <datafield ind1="0" ind2="7" tag="650">
      <subfield code="a">Kultur.</subfield>
      <subfield code="0">(DE-588)4125698-0</subfield>
      <subfield code="2">gnd</subfield>
    </datafield>
    <datafield ind1=" " ind2="4" tag="655">
      <subfield code="a">Aufsatzsammlung.</subfield>
    </datafield>
    <datafield ind1="1" ind2=" " tag="700">
      <subfield code="a">Dobrogoszcz, Tomasz.</subfield>
    </datafield>
  </record>
</recordData>
</record>