
<record>
<recordSchema>marcxml</recordSchema>
<recordPacking>xml</recordPacking>
<recordData>
<record xmlns="http://www.loc.gov/MARC21/slim">
    <leader>00000cam a2200000Mc 4500</leader>
    <controlfield tag="001">1020488020</controlfield>
    <controlfield tag="008">180126r20142014enk     ob    000 0 eng d</controlfield>
    <datafield ind1=" " ind2=" " tag="020">
      <subfield code="a">9781442237360</subfield>
    </datafield>
    <datafield ind1=" " ind2=" " tag="020">
      <subfield code="a">1442237368</subfield>
    </datafield>
    <datafield ind1=" " ind2=" " tag="020">
      <subfield code="a">9781442237377 (e-book)</subfield>
    </datafield>
    <datafield ind1=" " ind2=" " tag="020">
      <subfield code="a">1442237376 (e-book)</subfield>
    </datafield>
    <datafield ind1="0" ind2="0" tag="245">
      <subfield code="a">Nobody expects the Spanish Inquisition :</subfield>
      <subfield code="b">cultural contexts in Monty Python</subfield>
    </datafield>
    <datafield ind1=" " ind2="1" tag="264">
      <subfield code="a">Lanham, Maryland ;</subfield>
      <subfield code="a">London, England :</subfield>
      <subfield code="b">Rowman &amp; Littlefield Publishers,</subfield>
      <subfield code="c">2014</subfield>
    </datafield>
    <datafield ind1=" " ind2="4" tag="264">
      <subfield code="c">2014</subfield>
    </datafield>
    <datafield ind1=" " ind2=" " tag="300">
      <subfield code="a">1 online resource (170 pages)</subfield>
    </datafield>
    <datafield ind1=" " ind2=" " tag="500">
      <subfield code="a">Restricted admission to print</subfield>
    </datafield>
    <datafield ind1="2" ind2="4" tag="610">
      <subfield code="a">Monty Python (Comedy troupe)</subfield>
    </datafield>
    <datafield ind1=" " ind2="0" tag="650">
      <subfield code="a">Electronic books.</subfield>
    </datafield>
    <datafield ind1=" " ind2="7" tag="650">
      <subfield code="a">Electronic books</subfield>
      <subfield code="2">fast</subfield>
      <subfield code="0">(OCoLC)fst00906854</subfield>
    </datafield>
    <datafield ind1="1" ind2=" " tag="700">
      <subfield code="a">Dobrogoszcz, Tomasz,</subfield>
      <subfield code="e">editor</subfield>
    </datafield>
    <datafield ind1="1" ind2=" " tag="700">
      <subfield code="a">Jones, Terry,</subfield>
      <subfield code="e">author of introduction, etc</subfield>
    </datafield>
    <datafield ind1=" " ind2=" " tag="856">
      <subfield code="a">ebrary</subfield>
      <subfield code="z">Campus and remote access</subfield>
      <subfield code="u">http://esc-web.lib.cbs.dk/login?url=http://site.ebrary.com/lib/kbhnhh/Doc?id=10899146</subfield>
      <subfield code="y">b</subfield>
    </datafield>
  </record>
</recordData>
</record>