
<record>
<recordSchema>marcxml</recordSchema>
<recordPacking>xml</recordPacking>
<recordData>
<record xmlns="http://www.loc.gov/MARC21/slim">
    <leader>00000cam a2200000Mc 4500</leader>
    <controlfield tag="001">888133677</controlfield>
    <controlfield tag="008">140814s2014    xx      o    u000 u eng d</controlfield>
    <datafield ind1=" " ind2=" " tag="020">
      <subfield code="a">9781442237360</subfield>
    </datafield>
    <datafield ind1=" " ind2=" " tag="020">
      <subfield code="a">1442237368</subfield>
    </datafield>
    <datafield ind1=" " ind2=" " tag="020">
      <subfield code="a">9781442237377</subfield>
      <subfield code="q">(Sekundärausgabe)</subfield>
    </datafield>
    <datafield ind1=" " ind2=" " tag="020">
      <subfield code="a">1442237376</subfield>
      <subfield code="q">(Sekundärausgabe)</subfield>
    </datafield>
    <datafield ind1="1" ind2=" " tag="100">
      <subfield code="a">Dobrogoszcz, Tomasz</subfield>
    </datafield>
    <datafield ind1="1" ind2="0" tag="245">
      <subfield code="a">Nobody Expects the Spanish Inquisition</subfield>
      <subfield code="b">Cultural Contexts in Monty Python</subfield>
    </datafield>
    <datafield ind1=" " ind2="1" tag="264">
      <subfield code="a">Lanham</subfield>
      <subfield code="b">Rowman &amp; Littlefield Publishers</subfield>
      <subfield code="c">2014</subfield>
    </datafield>
    <datafield ind1=" " ind2=" " tag="300">
      <subfield code="a">1 online resource (170 Seiten)</subfield>
    </datafield>
    <datafield ind1=" " ind2=" " tag="520">
      <subfield code="a">This short collection of essays looks at the television show and films produced by the Monty Python troupe from a number of perspectives: &lt;br /&gt;&lt;ul start=""1"" style=""margin-top:0;margin-bottom:0;""&gt;&lt;li&gt; Gender studies &lt;/li&gt;&lt;li&gt; Post-structuralism &lt;/li&gt;&lt;li&gt; Psychoanalysis &lt;/li&gt;&lt;li&gt; Cultural studies &lt;/li&gt;&lt;/ul&gt; ...</subfield>
    </datafield>
    <datafield ind1=" " ind2="7" tag="655">
      <subfield code="a">Online-Publikation.</subfield>
      <subfield code="2">gnd</subfield>
    </datafield>
  </record>
</recordData>
</record>