
<record>
<recordSchema>marcxml</recordSchema>
<recordPacking>xml</recordPacking>
<recordData>
<record xmlns="http://www.loc.gov/MARC21/slim">
    <leader>00000cam a2200000M  4500</leader>
    <controlfield tag="001">1026964297</controlfield>
    <controlfield tag="008">180124nuuuuuuuuxx      o     000 0 eng d</controlfield>
    <datafield ind1=" " ind2=" " tag="020">
      <subfield code="z">1442237368</subfield>
      <subfield code="q">(print)</subfield>
    </datafield>
    <datafield ind1="1" ind2=" " tag="100">
      <subfield code="a">Jones, Terry.</subfield>
    </datafield>
    <datafield ind1="1" ind2="0" tag="245">
      <subfield code="a">Nobody Expects the Spanish Inquisition</subfield>
      <subfield code="h">[Elektronisk resurs].</subfield>
    </datafield>
    <datafield ind1=" " ind2=" " tag="260">
      <subfield code="b">Rowman &amp; Littlefield Publishers.</subfield>
    </datafield>
    <datafield ind1=" " ind2=" " tag="300">
      <subfield code="a">1 online resource</subfield>
    </datafield>
    <datafield ind1="1" ind2=" " tag="700">
      <subfield code="a">Dobrogoszcz, Tomasz.</subfield>
    </datafield>
  </record>
</recordData>
</record>
</records>
<nextRecordPosition/>
<resultSetIdleTime/>
<echoedSearchRetrieveRequest xmlns:srw="http://www.loc.gov/zing/srw/">
<version>1.1</version>
<query>srw.bn=9781442237360</query>
<maximumRecords>10</maximumRecords>
<recordPacking>xml</recordPacking>
<startRecord>1</startRecord>
<sortKeys>relevance</sortKeys>
<wskey>u50CPHhMV19la1NF7ix4xkp1SzLPnb260HhvSw2DRANGFgrw6tEWImxfqAQV2PaqVeHj9cxYpwAeT6jV</wskey>
<frbrGrouping>off</frbrGrouping>
</echoedSearchRetrieveRequest>
</searchRetrieveResponse>
